<?xml version="1.0" encoding="UTF-8"?><collection xmlns="http://www.loc.gov/MARC21/slim"><record><leader>00326nam--2200121-i-4500</leader><controlfield tag="001">000018017</controlfield><controlfield tag="002">20161230</controlfield><controlfield tag="005">20161230201032</controlfield><controlfield tag="008">060222s1000------------r-----000-0-eng-d</controlfield><datafield ind1=" " ind2=" " tag="245"><subfield code="a">Chemical engineering and technology library</subfield></datafield><datafield ind1=" " ind2=" " tag="260"><subfield code="a">New York, Interscience Publishers, Inc., 1955</subfield></datafield><datafield ind1=" " ind2=" " tag="700"><subfield code="a">Miller, Shelby A</subfield></datafield><datafield ind1=" " ind2=" " tag="852"><subfield code="a">12778</subfield></datafield></record></collection>